@inproceedings{Welsh:2001:SAW:502034.502057,
 author = {Welsh, Matt and Culler, David and Brewer, Eric},
 title = {SEDA: An Architecture for Well-conditioned, Scalable Internet Services},
 booktitle = {Proceedings of the Eighteenth ACM Symposium on Operating Systems Principles},
 series = {SOSP '01},
 year = {2001},
 isbn = {1-58113-389-8},
 location = {Banff, Alberta, Canada},
 pages = {230--243},
 numpages = {14},
 url = {http://doi.acm.org/10.1145/502034.502057},
 doi = {10.1145/502034.502057},
 acmid = {502057},
 publisher = {ACM},
 address = {New York, NY, USA},
} 

